
@article{salton_term-weighting_1988,
	title = {Term-weighting approaches in automatic text retrieval},
	volume = {24},
	issn = {03064573},
	url = {https://linkinghub.elsevier.com/retrieve/pii/0306457388900210},
	doi = {10.1016/0306-4573(88)90021-0},
	language = {en},
	number = {5},
	urldate = {2023-12-10},
	journal = {Information Processing \& Management},
	author = {Salton, Gerard and Buckley, Christopher},
	month = jan,
	year = {1988},
	pages = {513--523},
}
